@book{洛克政府論,
  title={政府論},
  author={洛克},
  translator={瞿菊農 and 葉啟芳},
  publisher={商務印書館},
  location = {北京},
  year={1982},
}

@online{改憲法,
  author = {中國共產黨中央委員會},
  title = {中國共產黨中央委員會關於修改憲法部分內容的建議},
  urldate = {2018-02-25},
  date = {2018-01-26},
  year ={2018},
  url = {http://www.xinhuanet.com/2018-02/25/c_1122451187.htm},
}

@thesis{中共改革開放過程中的腐敗與反腐敗,
  language = {chinese},
  title={中共改革開放過程中的腐敗與反腐敗},
  author={王良能},
  institution={國立臺灣大學政治學研究所},
  type={博士論文},
  location={臺北},
  year={1996},
}

@article{Scott1986,
 URL = {http://www.jstor.org/stable/1864376},
 author = {Joan W. Scott},
 journal = {The American Historical Review},
 number = {5},
 pages = {1053--1075},
 location = {Bloomington},
 publisher = {[Oxford University Press, American Historical Association]},
 title = {Gender: A Useful Category of Historical Analysis},
 volume = {91},
 year = {1986}
}

@inbook{敎民榜文,
  title={敎民榜文},
  booktitle = {皇明制書},
  author = {朱元璋},
  editor = {張鹵},
  year={2013},
  location={北京},
  publisher={社會科學文獻出版社},
  entrysubtype={明},
}

@simple{婚姻法,
  title={中華人民共和國婚姻法},
  author={中華人民共和國民政部},
  language ={chinese},
  year={2001},
}

@newspaper{造劉少奇反,
  title ={造劉少奇反，跟着毛主席幹一輩子革命——我的初步檢查},
  author ={劉濤},
  journal ={井岡山報},
  location={北京},
  year ={1966年12月28日},
  pages ={01},
}

@news{2015團拜,
  language = {chinese},
  author = {習近平},
  title = {在2015年春節團拜會上的講話},
  booktitle ={新聞聯播},
  year = {2015年2月17日},
  publisher ={CCTV1綜合},
  location={北京},
}